<?xml version="1.0" encoding="UTF-8"?><collection xmlns="http://www.loc.gov/MARC21/slim"><record><leader>00556nam--2200193-i-4500</leader><controlfield tag="001">000020245</controlfield><controlfield tag="002">20161230</controlfield><controlfield tag="005">20161230201033</controlfield><controlfield tag="008">060222s1000------------r-----000-0-eng-d</controlfield><datafield ind1=" " ind2=" " tag="020"><subfield code="a">0824764870</subfield></datafield><datafield ind1=" " ind2=" " tag="040"><subfield code="a">IFIN-HH</subfield></datafield><datafield ind1=" " ind2=" " tag="080"><subfield code="a">539.2</subfield></datafield><datafield ind1="1" ind2=" " tag="100"><subfield code="a">Schroder, Klaus</subfield></datafield><datafield ind1="1" ind2="0" tag="245"><subfield code="a">Electronic, magnetic and thermal properties of solid materials</subfield><subfield code="c">Klaus schroder</subfield></datafield><datafield ind1=" " ind2=" " tag="260"><subfield code="a">New York</subfield><subfield code="b">Marcel Dekker, Inc</subfield><subfield code="c">1978</subfield></datafield><datafield ind1=" " ind2=" " tag="300"><subfield code="a">VIII+584P</subfield></datafield><datafield ind1=" " ind2=" " tag="490"><subfield code="a">Electrical Engineering And Electronics</subfield><subfield code="v">Vol. 5</subfield></datafield><datafield ind1=" " ind2=" " tag="852"><subfield code="a">77661</subfield><subfield code="c">539.2</subfield></datafield><datafield ind1=" " ind2=" " tag="CAT"><subfield code="a">Sys</subfield><subfield code="c">20121127</subfield><subfield code="h">143148</subfield></datafield></record></collection>